% MR System

@ARTICLE{grubert2017pervasiveAR,
	author={J. Grubert and T. Langlotz and S. Zollmann and H. Regenbrecht},
	journal={IEEE Transactions on Visualization and Computer Graphics},
	title={Towards Pervasive Augmented Reality: Context-Awareness in Augmented Reality},
	year={2017},
	volume={23},
	number={6},
	pages={1706-1724},
	keywords={augmented reality;ubiquitous computing;pervasive augmented reality;physical environment interaction;digital information;AR system;context sources;context targets;context-aware continuous augmented reality experience;Augmented reality;Context awareness;Mobile communication;User interfaces;Three-dimensional displays;Tracking;Ontologies;Augmented reality;pervasive augmented reality;context-awareness;adaptivity;context;taxonomy;survey;mixed reality},
	doi={10.1109/TVCG.2016.2543720},
	ISSN={1077-2626},
	month={June},}


% [3D]
@inproceedings{xiang2014beyond,
	title={Beyond pascal: A benchmark for 3d object detection in the wild},
	author={Xiang, Yu and Mottaghi, Roozbeh and Savarese, Silvio},
	booktitle={Applications of Computer Vision (WACV), 2014 IEEE Winter Conference on},
	pages={75--82},
	year={2014},
	organization={IEEE}
}

@article{simon2018complex,
	title={Complex-YOLO: Real-time 3D Object Detection on Point Clouds},
	author={Simon, Martin and Milz, Stefan and Amende, Karl and Gross, Horst-Michael},
	journal={arXiv preprint arXiv:1803.06199},
	year={2018}
}

@inproceedings{yang2018pixor,
	title={PIXOR: Real-Time 3D Object Detection From Point Clouds},
	author={Yang, Bin and Luo, Wenjie and Urtasun, Raquel},
	booktitle={Proceedings of the IEEE Conference on Computer Vision and Pattern Recognition},
	year={2018},
}


@article{mur2015orb,
	title={ORB-SLAM: a versatile and accurate monocular SLAM system},
	author={Mur-Artal, Raul and Montiel, Jose Maria Martinez and Tardos, Juan D},
	journal={IEEE Transactions on Robotics},
	volume={31},
	number={5},
	pages={1147--1163},
	year={2015},
	publisher={IEEE}
}

@INPROCEEDINGS{Geiger2012CVPR,
	author = {Andreas Geiger and Philip Lenz and Raquel Urtasun},
	title = {Are we ready for Autonomous Driving? The KITTI Vision Benchmark Suite},
	booktitle = {Conference on Computer Vision and Pattern Recognition (CVPR)},
	year = {2012}
}

@article{yousif2015overview,
	title={An overview to visual odometry and visual SLAM: Applications to mobile robotics},
	author={Yousif, Khalid and Bab-Hadiashar, Alireza and Hoseinnezhad, Reza},
	journal={Intelligent Industrial Systems},
	volume={1},
	number={4},
	pages={289--311},
	year={2015},
	publisher={Springer}
}

@article{fischler1981random,
	title={Random sample consensus: a paradigm for model fitting with applications to image analysis and automated cartography},
	author={Fischler, Martin A and Bolles, Robert C},
	journal={Communications of the ACM},
	volume={24},
	number={6},
	pages={381--395},
	year={1981},
	publisher={ACM}
}

@inproceedings{huang2012point,
	title={Point cloud matching based on 3D self-similarity},
	author={Huang, Jing and You, Suya},
	booktitle={Computer Vision and Pattern Recognition Workshops (CVPRW), 2012 IEEE Computer Society Conference on},
	pages={41--48},
	year={2012},
	organization={IEEE}
}

@article{johnson1999using,
	title={Using spin images for efficient object recognition in cluttered 3D scenes},
	author={Johnson, Andrew E and Hebert, Martial},
	journal={IEEE Transactions on Pattern Analysis \& Machine Intelligence},
	number={5},
	pages={433--449},
	year={1999},
	publisher={IEEE}
}

@article{johnson1998surface,
	title={Surface matching for object recognition in complex three-dimensional scenes},
	author={Johnson, Andrew Edie and Hebert, Martial},
	journal={Image and Vision Computing},
	volume={16},
	number={9-10},
	pages={635--651},
	year={1998},
	publisher={Elsevier}
}

@inproceedings{sun2009concise,
	title={A concise and provably informative multi-scale signature based on heat diffusion},
	author={Sun, Jian and Ovsjanikov, Maks and Guibas, Leonidas},
	booktitle={Computer graphics forum},
	volume={28},
	number={5},
	pages={1383--1392},
	year={2009},
	organization={Wiley Online Library}
}

@article{bronstein2010shrec,
	title={SHREC 2010: robust feature detection and description benchmark},
	author={Bronstein, Alexander M and Bronstein, Michael M and Bustos, Benjamin and Castellani, Umberto and Crisani, Marco and Falcidieno, Bianca and Guibas, Leonidas J and Kokkinos, Iasonas and Murino, Vittorio and others},
	journal = {Proc. EUROGRAPHICS Workshop on 3D Object Retrieval (3DOR)},
	year = {2010}
}

%[face privacy]

@article{newton2005preserving,
	title={Preserving privacy by de-identifying face images},
	author={Newton, Elaine M and Sweeney, Latanya and Malin, Bradley},
	journal={IEEE transactions on Knowledge and Data Engineering},
	volume={17},
	number={2},
	pages={232--243},
	year={2005},
	publisher={IEEE}
}
@inproceedings{gross2006model,
	title={Model-based face de-identification},
	author={Gross, Ralph and Sweeney, Latanya and De la Torre, Fernando and Baker, Simon},
	booktitle={null},
	pages={161},
	year={2006},
	organization={IEEE}
}
@INPROCEEDINGS{gross2008semisupervised,
	author={R. Gross and L. Sweeney and F. de la Torre and S. Baker},
	booktitle={2008 IEEE Conference on Computer Vision and Pattern Recognition},
	title={Semi-supervised learning of multi-factor models for face de-identification},
	year={2008},
	volume={},
	number={},
	pages={1-8},
	keywords={face recognition;image coding;learning (artificial intelligence);security of data;semisupervised learning;multifactor models;face deidentification;image data sharing;privacy protection;multifactor coding;fitting algorithm;expression-variant face database;data coding;Semisupervised learning;Data privacy;Protection;Layout;Robots;Image coding;Parameter estimation;Databases;Training data;Runtime},
	doi={10.1109/CVPR.2008.4587369},
	ISSN={1063-6919},
	month={June},
}

@incollection{gross2009face,
	title={Face de-identification},
	author={Gross, Ralph and Sweeney, Latanya and Cohn, Jeffrey and De la Torre, Fernando and Baker, Simon},
	booktitle={Protecting privacy in video surveillance},
	pages={129--146},
	year={2009},
	publisher={Springer}
}


@inproceedings{du2014garp,
	title={GARP-face: Balancing privacy protection and utility preservation in face de-identification},
	author={Du, Liang and Yi, Meng and Blasch, Erik and Ling, Haibin},
	booktitle={Biometrics (IJCB), 2014 IEEE International Joint Conference on},
	pages={1--8},
	year={2014},
	organization={IEEE}
}

@INPROCEEDINGS{brkic2017generative,
	author={K. Brkic and I. Sikiric and T. Hrkac and Z. Kalafatic},
	booktitle={2017 IEEE Conference on Computer Vision and Pattern Recognition Workshops (CVPRW)},
	title={I Know That Person: Generative Full Body and Face De-identification of People in Images},
	year={2017},
	volume={},
	number={},
	pages={1319-1328},
	keywords={clothing;image segmentation;object recognition;generative full body;people face deidentification;human figure segmentation;synthetic human image;human figure blobs;garment-level segmentations;level of detail;primary biometric identifiers;soft identifiers;nonbiometric identifiers;quantitative experiments;perceptual experiments;human recognition;machine recognition;data utility;data naturalness;Face;Gallium nitride;Generators;Image segmentation;Biological system modeling;Clothing;Face recognition},
	doi={10.1109/CVPRW.2017.173},
	ISSN={2160-7516},
	month={July},}

@article{wu2018privacy,
	title={Privacy-Protective-GAN for Face De-identification},
	author={Wu, Yifan and Yang, Fan and Ling, Haibin},
	journal={arXiv preprint arXiv:1806.08906},
	year={2018}
}

%[general privacy]

@inproceedings{krishnamurthy2010privacy,
	title={Privacy leakage in mobile online social networks},
	author={Krishnamurthy, Balachander and Wills, Craig E},
	booktitle={Proceedings of the 3rd Wonference on Online social networks},
	pages={4--4},
	year={2010},
	organization={USENIX Association}
}


%[old]
@inproceedings{lebeck2018towards,
	title={Towards Security and Privacy for Multi-User Augmented Reality: Foundations with End Users},
	author={Lebeck, Kiron and Ruth, Kimberly and Kohno, Tadayoshi and Roesner, Franziska},
	booktitle={Towards Security and Privacy for Multi-User Augmented Reality: Foundations with End Users},
	pages={0},
	year={2018},
	organization={IEEE}
}

@article{deguzman2018security,
	title={Security and Privacy Approaches in Mixed Reality: A Literature Survey},
	author={de Guzman, Jaybie A and Thilakarathna, Kanchana and Seneviratne, Aruna},
	journal={arXiv preprint arXiv:1802.05797},
	year={2018}
}

% [As of 12 April 2018] Threat Models
@article{deng2011privacy,
	title={A privacy threat analysis framework: supporting the elicitation and fulfillment of privacy requirements},
	author={Deng, Mina and Wuyts, Kim and Scandariato, Riccardo and Preneel, Bart and Joosen, Wouter},
	journal={Requirements Engineering},
	volume={16},
	number={1},
	pages={3--32},
	year={2011},
	publisher={Springer}
}

@article{kalloniatis2008addressing,
	title={Addressing privacy requirements in system design: the PriS method},
	author={Kalloniatis, Christos and Kavakli, Evangelia and Gritzalis, Stefanos},
	journal={Requirements Engineering},
	volume={13},
	number={3},
	pages={241--255},
	year={2008},
	publisher={Springer}
}

@book{howard2006security,
	title={The security development lifecycle},
	author={Howard, Michael and Lipner, Steve},
	volume={8},
	year={2006},
	publisher={Microsoft Press Redmond}
}

@inproceedings{hong2004privacy,
	title={Privacy risk models for designing privacy-sensitive ubiquitous computing systems},
	author={Hong, Jason I and Ng, Jennifer D and Lederer, Scott and Landay, James A},
	booktitle={Proceedings of the 5th conference on Designing interactive systems: processes, practices, methods, and techniques},
	pages={91--100},
	year={2004},
	organization={ACM}
}

% PETs
@inproceedings{sluganovic2017holopair,
	author = {Sluganovic, Ivo and Serbec, Matej and Derek, Ante and Martinovic, Ivan},
	title = {HoloPair: Securing Shared Augmented Reality Using Microsoft HoloLens},
	booktitle = {Proceedings of the 33rd Annual Computer Security Applications Conference},
	series = {ACSAC 2017},
	year = {2017},
	isbn = {978-1-4503-5345-8},
	location = {Orlando, FL, USA},
	pages = {250--261},
	numpages = {12},
	url = {http://doi.acm.org/10.1145/3134600.3134625},
	doi = {10.1145/3134600.3134625},
	acmid = {3134625},
	publisher = {ACM},
	address = {New York, NY, USA},
}

% Implementation

@inproceedings{huang2017speed,
	title={Speed/accuracy trade-offs for modern convolutional object detectors},
	author={Huang, Jonathan and Rathod, Vivek and Sun, Chen and Zhu, Menglong and Korattikara, Anoop and Fathi, Alireza and Fischer, Ian and Wojna, Zbigniew and Song, Yang and Guadarrama, Sergio and others},
	booktitle={IEEE CVPR},
	year={2017}
}

@inproceedings{rublee2011orb,
	title={ORB: An efficient alternative to SIFT or SURF},
	author={Rublee, Ethan and Rabaud, Vincent and Konolige, Kurt and Bradski, Gary},
	booktitle={Computer Vision (ICCV), 2011 IEEE international conference on},
	pages={2564--2571},
	year={2011},
	organization={IEEE}
}

@inproceedings{zhang2018cars,
	title={CARS: Collaborative Augmented Reality for Socialization},
	author={Zhang, Wenxiao and Han, Bo and Hui, Pan and Gopalakrishnan, Vijay and Zavesky, Eric and Qian, Feng},
	booktitle={Proceedings of the 19th International Workshop on Mobile Computing Systems \& Applications},
	pages={25--30},
	year={2018},
	organization={ACM}
}

@article{steilPrivaceye2018,
	author    = {Julian Steil and
	Marion Koelle and
	Wilko Heuten and
	Susanne Boll and
	Andreas Bulling},
	title     = {PrivacEye: Privacy-Preserving First-Person Vision Using Image Features
	and Eye Movement Analysis},
	journal   = {CoRR},
	volume    = {abs/1801.04457},
	year      = {2018},
	url       = {http://arxiv.org/abs/1801.04457},
	archivePrefix = {arXiv},
	eprint    = {1801.04457},
	timestamp = {Thu, 01 Feb 2018 19:52:26 +0100},
	biburl    = {https://dblp.org/rec/bib/journals/corr/abs-1801-04457},
	bibsource = {dblp computer science bibliography, https://dblp.org}
}



% [As of December 2017] All papers below are for the IFIP 2018

@inproceedings{zhang2017networking,
	title={On the Networking Challenges of Mobile Augmented Reality},
	author={Zhang, Wenxiao and Han, Bo and Hui, Pan},
	booktitle={Proceedings of the Workshop on Virtual Reality and Augmented Reality Network},
	pages={24--29},
	year={2017},
	organization={ACM}
}
@inproceedings{hou2017wireless,
	title={Wireless VR/AR with Edge/Cloud Computing},
	author={Hou, Xueshi and Lu, Yao and Dey, Sujit},
	booktitle={Computer Communication and Networks (ICCCN), 2017 26th International Conference on},
	pages={1--8},
	year={2017},
	organization={IEEE}
}
@article{lowe2004distinctive,
	title={Distinctive image features from scale-invariant keypoints},
	author={Lowe, David G},
	journal={International journal of computer vision},
	volume={60},
	number={2},
	pages={91--110},
	year={2004},
	publisher={Springer}
}
@inproceedings{rublee2011orb,
	title={ORB: An efficient alternative to SIFT or SURF},
	author={Rublee, Ethan and Rabaud, Vincent and Konolige, Kurt and Bradski, Gary},
	booktitle={Computer Vision (ICCV), 2011 IEEE international conference on},
	pages={2564--2571},
	year={2011},
	organization={IEEE}
}
@online{statt2017apple,
	author={Nick Statt},
	title={Apple shows off breathtaking new augmented reality demos on iPhone 8},
	url={https://www.theverge.com/2017/9/12/16272904/apple-arkit-demo-iphone-augmented-reality-iphone-8},
	month=september,
	year= {2017},
}
@online{locklear2017google,
author={Mallory Locklear},
title={Google's Pixel AR stickers are available starting today},
url={https://www.engadget.com/2017/12/11/google-pixel-ar-stickers-available-today/},
month=december,
year= {2017},
}
% [As of October 2017] All papers below are for the survey paper.
@techreport{nist,
	author = {Joint Task Force Transformation Initiative NIST},
	title = {Security and Privacy Controls for Federal Information Systems and Organizations},
	month = april,
	year = {2013},
	publisher = {National Institute of Standards and Technology},
}
@inproceedings{roesner2014policy,
	title={Augmented reality: hard problems of law and policy},
	author={Roesner, Franziska and Denning, Tamara and Newell, Bryce Clayton and Kohno, Tadayoshi and Calo, Ryan},
	booktitle={Proceedings of the 2014 ACM international joint conference on pervasive and ubiquitous computing: adjunct publication},
	pages={1283--1288},
	year={2014},
	organization={ACM}
}
%security reports for Ar, Vr, and MR
@online{dwight2016risks,
	author={Davis Dwight},
	title={Real-world risks in an augmented reality},
	url={https://www.csoonline.com/article/3101644/techology-business/real-world-risks-in-an-augmented-reality.html},
	month=july,
	year= {2016},
}
@online{ryver2017threatmodeling,
	author={Kelly River},
	title={This is what Microsoft HoloLens is really like},
	url={https://securityintelligence.com/virtual-reality-augmented-reality-and-futuristic-threat-modeling/},
	month=march,
	year= {2017},
}
@online{colceriu2016catching,
	author={Alina Colceriu},
	title={Catching Pokemon GO in Your Network},
	url={https://www.ixiacom.com/company/blog/catching-pokemon-go-your-network},
	month=august,
	year= {2016},
}
@online{zorz2017encryption,
	author={Zeljka Zorz},
	title={Why end-to-end encryption is about more than just privacy},
	url={https://www.helpnetsecurity.com/2017/09/13/end-to-end-encryption/},
	month=september,
	year= {2017},
}
@online{nachreiner2017longterm,
	author={Corey Nachreiner},
	title={Hacking virtual and augmented reality: Short-term FUD, long-term danger},
	url={https://www.helpnetsecurity.com/2017/09/06/hacking-virtual-augmented-reality/},
	month=september,
	year= {2017},
}
@online{conti2013malicious,
	author={Gregory Conti and Edward Sobiesk and Paul Anderson and Steven Billington and Alex Farmer and Cory Kirk and Patrick Shaffer, and Kyle Stammer},
	title={Unintended, malicious and evil applications of augmented reality},
	url={https://www.helpnetsecurity.com/2013/02/12/65279unintended-malicious-and-evil-applications-of-augmented-reality/},
	month=february,
	year= {2013},
}
@online{tynan2017hacker,
	author={Dan Tynan},
	title={Augmented reality could be next hacker playground},
	url={https://www.the-parallax.com/2017/06/09/augmented-reality-hacker-playground/},
	month=june,
	year= {2017},
}
@online{frink2016pokemongo,
	author={Lyle Frink},
	title={UPDATE: Augmented Malware with Pok\'emon Go},
	url={https://blog.avira.com/augmented-malware-pokemon-go/},
	month=july,
	year= {2016},
}
@online{burgess2016pokemongo,
	author={Matt Burgess},
	title={Malicious Pok\'emon Go app is putting Android phones at risk},
	url={http://www.wired.co.uk/article/pokemon-go-malicious-android-app-problems},
	month=july,
	year= {2016},
}
%protoype devices
@inproceedings{sutherland1968head,
	title={A head-mounted three dimensional display},
	author={Sutherland, Ivan E},
	booktitle={Proceedings of the December 9-11, 1968, fall joint computer conference, part I},
	pages={757--764},
	year={1968},
	organization={ACM}
}
@inproceedings{caudell1992augmented,
	title={Augmented reality: An application of heads-up display technology to manual manufacturing processes},
	author={Caudell, Thomas P and Mizell, David W},
	booktitle={System Sciences, 1992. Proceedings of the Twenty-Fifth Hawaii International Conference on},
	volume={2},
	pages={659--669},
	year={1992},
	organization={IEEE}
}
@article{mclellan1996virtual,
	title={Virtual realities},
	author={McLellan, Hilary},
	journal={Handbook of research for educational communications and technology},
	pages={457--487},
	year={1996}
}
@inproceedings{ishii1997tangible,
  title={Tangible bits: towards seamless interfaces between people, bits and atoms},
  author={Ishii, Hiroshi and Ullmer, Brygg},
  booktitle={Proceedings of the ACM SIGCHI Conference on Human factors in computing systems},
  pages={234--241},
  year={1997},
  organization={ACM}
}
@article{billinghurst2001magicbook,
  title={The magicbook-moving seamlessly between reality and virtuality},
  author={Billinghurst, Mark and Kato, Hirokazu and Poupyrev, Ivan},
  journal={IEEE Computer Graphics and applications},
  volume={21},
  number={3},
  pages={6--8},
  year={2001},
  publisher={IEEE}
}
@article{billinghurst2001magicbook2,
  title={The MagicBook: a transitional AR interface},
  author={Billinghurst, Mark and Kato, Hirokazu and Poupyrev, Ivan},
  journal={Computers \& Graphics},
  volume={25},
  number={5},
  pages={745--753},
  year={2001},
  publisher={Elsevier}
}
@inproceedings{karitsuka2003wearable,
	title={A wearable mixed reality with an on-board projector},
	author={Karitsuka, Toshikazu and Sato, Kosuke},
	booktitle={Proceedings of the 2nd IEEE/ACM International Symposium on Mixed and Augmented Reality},
	pages={321},
	year={2003},
	organization={IEEE Computer Society}
}
@inproceedings{kiyokawa2003occlusion,
	title={An occlusion-capable optical see-through head mount display for supporting co-located collaboration},
	author={Kiyokawa, Kiyoshi and Billinghurst, Mark and Campbell, Bruce and Woods, Eric},
	booktitle={Proceedings of the 2nd IEEE/ACM International Symposium on Mixed and Augmented Reality},
	pages={133},
	year={2003},
	organization={IEEE Computer Society}
}
@inproceedings{olwal2005polar,
	title={POLAR: portable, optical see-through, low-cost augmented reality},
	author={Olwal, Alex and H{\"o}llerer, Tobias},
	booktitle={Proceedings of the ACM symposium on Virtual reality software and technology},
	pages={227--230},
	year={2005},
	organization={ACM}
}
@inproceedings{olwal2005astor,
	title={ASTOR: An autostereoscopic optical see-through augmented reality system},
	author={Olwal, Alex and Lindfors, Christoffer and Gustafsson, Jonny and Kjellberg, Torsten and Mattsson, Lars},
	booktitle={Mixed and Augmented Reality, 2005. Proceedings. Fourth IEEE and ACM International Symposium on},
	pages={24--27},
	year={2005},
	organization={IEEE}
}
@inproceedings{minatani2007face,
	title={Face-to-face tabletop remote collaboration in mixed reality},
	author={Minatani, Shinya and Kitahara, Itaru and Kameda, Yoshinari and Ohta, Yuichi},
	booktitle={Proceedings of the 2007 6th IEEE and ACM international Symposium on Mixed and Augmented Reality},
	pages={1--4},
	year={2007},
	organization={IEEE Computer Society}
}
@inproceedings{hashimoto2007pileus,
	title={Pileus: umbrella for mobile augmented reality},
	author={Hashimoto, Sho and Matsumoto, Takashi and Okude, Naohito},
	booktitle={Proceedings of the 9th international conference on Human computer interaction with mobile devices and services},
	pages={358--360},
	year={2007},
	organization={ACM}
}
@inproceedings{benko2012miragetable,
	title={MirageTable: freehand interaction on a projected augmented reality tabletop},
	author={Benko, Hrvoje and Jota, Ricardo and Wilson, Andrew},
	booktitle={Proceedings of the SIGCHI conference on human factors in computing systems},
	pages={199--208},
	year={2012},
	organization={ACM}
}
@inproceedings{tait2013projected,
	title={A projected augmented reality system for remote collaboration},
	author={Tait, Matthew and Tsai, Tony and Sakata, Nobuchika and Billinghurst, Mark and Vartiainen, Elina},
	booktitle={Mixed and Augmented Reality (ISMAR), 2013 IEEE International Symposium on},
	pages={1--6},
	year={2013},
	organization={IEEE}
}
@inproceedings{jones2014roomalive,
	title={RoomAlive: magical experiences enabled by scalable, adaptive projector-camera units},
	author={Jones, Brett and Sodhi, Rajinder and Murdock, Michael and Mehra, Ravish and Benko, Hrvoje and Wilson, Andrew and Ofek, Eyal and MacIntyre, Blair and Raghuvanshi, Nikunj and Shapira, Lior},
	booktitle={Proceedings of the 27th annual ACM symposium on User interface software and technology},
	pages={637--644},
	year={2014},
	organization={ACM}
}
@inproceedings{waegel2014reconstructive,
	title={A reconstructive see-through display},
	author={Waegel, Ky},
	booktitle={Mixed and Augmented Reality (ISMAR), 2014 IEEE International Symposium on},
	pages={319--320},
	year={2014},
	organization={IEEE}
}
@article{oskiper2015binoculars,
	title={Augmented reality binoculars},
	author={Oskiper, Taragay and Sizintsev, Mikhail and Branzoi, Vlad and Samarasekera, Supun and Kumar, Rakesh},
	journal={IEEE transactions on visualization and computer graphics},
	volume={21},
	number={5},
	pages={611--623},
	year={2015},
	publisher={IEEE}
}
@inproceedings{benko2015fovear,
	title={Fovear: Combining an optically see-through near-eye display with projector-based spatial augmented reality},
	author={Benko, Hrvoje and Ofek, Eyal and Zheng, Feng and Wilson, Andrew D},
	booktitle={Proceedings of the 28th Annual ACM Symposium on User Interface Software \& Technology},
	pages={129--135},
	year={2015},
	organization={ACM}
}
@inproceedings{xiao2016augmenting,
	title={Augmenting the field-of-view of head-mounted displays with sparse peripheral displays},
	author={Xiao, Robert and Benko, Hrvoje},
	booktitle={Proceedings of the 2016 CHI Conference on Human Factors in Computing Systems},
	pages={1221--1232},
	year={2016},
	organization={ACM}
}
%software systems or frameworks
@inproceedings{feiner1993windows,
	title={Windows on the world: 2D windows for 3D augmented reality},
	author={Feiner, Steven and MacIntyre, Blair and Haupt, Marcus and Solomon, Eliot},
	booktitle={Proceedings of the 6th annual ACM symposium on User interface software and technology},
	pages={145--155},
	year={1993},
	organization={ACM}
}
@inproceedings{taylor2001vrpn,
	title={VRPN: a device-independent, network-transparent VR peripheral system},
	author={Taylor II, Russell M and Hudson, Thomas C and Seeger, Adam and Weber, Hans and Juliano, Jeffrey and Helser, Aron T},
	booktitle={Proceedings of the ACM symposium on Virtual reality software and technology},
	pages={55--61},
	year={2001},
	organization={ACM}
}
@inproceedings{diverdi2003arwin,
	title={ARWin-a desktop augmented reality window manager},
	author={DiVerdi, Stephen and Nurmi, Daniel and H{\"o}llerer, Tobias},
	booktitle={Proceedings of the 2nd IEEE/ACM International Symposium on Mixed and Augmented Reality},
	pages={298},
	year={2003},
	organization={IEEE Computer Society}
}
@inproceedings{ohlenburg2004morgan,
	title={The MORGAN framework: enabling dynamic multi-user AR and VR projects},
	author={Ohlenburg, Jan and Herbst, Iris and Lindt, Irma and Fr{\"o}hlich, Thorsten and Broll, Wolfgang},
	booktitle={Proceedings of the ACM symposium on Virtual reality software and technology},
	pages={166--169},
	year={2004},
	organization={ACM}
}
@inproceedings{ehnes2005projected,
	title={Projected augmentation II-a scalable architecture for multi projector based AR-systems based on 'Projected Applications'},
	author={Ehnes, Jochen and Hirota, Koichi and Hirose, Michitaka},
	booktitle={Mixed and Augmented Reality, 2005. Proceedings. Fourth IEEE and ACM International Symposium on},
	pages={190--191},
	year={2005},
	organization={IEEE}
}
@article{schaeffer2007myriad,
	title={Myriad: scalable VR via peer-to-peer connectivity, PC clustering, and transient inconsistency},
	author={Schaeffer, Benjamin and Brinkmann, Peter and Francis, George and Goudeseune, Camille and Crowell, Jim and Kaczmarski, Hank},
	journal={Computer Animation and Virtual Worlds},
	volume={18},
	number={1},
	pages={1--17},
	year={2007},
	publisher={Wiley Online Library}
}
%interface + display
@inproceedings{brown2003widget,
	title={A widget framework for augmented interaction in SCAPE},
	author={Brown, Leonard D and Hua, Hong and Gao, Chunyu},
	booktitle={Proceedings of the 16th annual ACM symposium on User interface software and technology},
	pages={1--10},
	year={2003},
	organization={ACM}
}
@inproceedings{hua2005polarized,
	title={A polarized head-mounted projective display},
	author={Hua, Hong and Gao, Chunyu},
	booktitle={Proceedings of the 4th IEEE/ACM International Symposium on Mixed and Augmented Reality},
	pages={32--35},
	year={2005},
	organization={IEEE Computer Society}
}
@inproceedings{budhiraja2013using,
	title={Using a hhd with a hmd for mobile ar interaction},
	author={Budhiraja, Rahul and Lee, Gun A and Billinghurst, Mark},
	booktitle={Mixed and Augmented Reality (ISMAR), 2013 IEEE International Symposium on},
	pages={1--6},
	year={2013},
	organization={IEEE}
}
@inproceedings{sand2015head,
	title={Head-mounted display with mid-air tactile feedback},
	author={Sand, Antti and Rakkolainen, Ismo and Isokoski, Poika and Kangas, Jari and Raisamo, Roope and Palovuori, Karri},
	booktitle={Proceedings of the 21st ACM Symposium on Virtual Reality Software and Technology},
	pages={51--58},
	year={2015},
	organization={ACM}
}
@inproceedings{dobbelstein2015belt,
	title={Belt: An unobtrusive touch input device for head-worn displays},
	author={Dobbelstein, David and Hock, Philipp and Rukzio, Enrico},
	booktitle={Proceedings of the 33rd Annual ACM Conference on Human Factors in Computing Systems},
	pages={2135--2138},
	year={2015},
	organization={ACM}
}
@inproceedings{wu2015touchsketch,
	title={TouchSketch: a touch-based interface for 3D object manipulation and editing},
	author={Wu, Siju and Chellali, Amine and Otmane, Samir and Moreau, Guillaume},
	booktitle={Proceedings of the 21st ACM Symposium on Virtual Reality Software and Technology},
	pages={59--68},
	year={2015},
	organization={ACM}
}
@inproceedings{kaul2016wearable,
	title={Wearable head-mounted 3d tactile display application scenarios},
	author={Kaul, Oliver Beren and Rohs, Michael},
	booktitle={Proceedings of the 18th International Conference on Human-Computer Interaction with Mobile Devices and Services Adjunct},
	pages={1163--1167},
	year={2016},
	organization={ACM}
}
%applications, demo
@inproceedings{nakatsuru2003vehicle,
	title={Image overlay on optical see-through displays for vehicle navigation},
	author={Nakatsuru, Tomoyasu and Yokokohji, Yasuyoshi and Eto, Daisuke and Yoshikawa, Tsuneo},
	booktitle={Proceedings of the 2nd IEEE/ACM International Symposium on Mixed and Augmented Reality},
	pages={286},
	year={2003},
	organization={IEEE Computer Society}
}
@inproceedings{tenmoku2003indoorpositioning,
	title={A wearable augmented reality system for navigation using positioning infrastructures and a pedometer},
	author={Tenmoku, Ryuhei and Kanbara, Masayuki and Yokoya, Naokazu},
	booktitle={Mixed and Augmented Reality, 2003. Proceedings. The Second IEEE and ACM International Symposium on},
	pages={344--345},
	year={2003},
	organization={IEEE}
}
@inproceedings{mohring2004video,
	title={Video see-through AR on consumer cell-phones},
	author={Mohring, Mathias and Lessig, Christian and Bimber, Oliver},
	booktitle={Proceedings of the 3rd IEEE/ACM International Symposium on Mixed and Augmented Reality},
	pages={252--253},
	year={2004},
	organization={IEEE Computer Society}
}
@inproceedings{gurevich2012teleadvisor,
	title={TeleAdvisor: a versatile augmented reality tool for remote assistance},
	author={Gurevich, Pavel and Lanir, Joel and Cohen, Benjamin and Stone, Ran},
	booktitle={Proceedings of the SIGCHI Conference on Human Factors in Computing Systems},
	pages={619--622},
	year={2012},
	organization={ACM}
}
@inproceedings{sridhar2012vehicle,
	title={Generation of virtual display surfaces for in-vehicle contextual augmented reality},
	author={Sridhar, Srinath and Ng-Thow-Hing, Victor},
	booktitle={Mixed and Augmented Reality (ISMAR), 2012 IEEE International Symposium on},
	pages={317--318},
	year={2012},
	organization={IEEE}
}
@inproceedings{karlsson2012iar,
	title={iAR: an exploratory augmented reality system for mobile devices},
	author={Karlsson, Nils and Li, Gang and Genc, Yakup and Huenerfauth, Angela and Bononno, Elizabeth},
	booktitle={Proceedings of the 18th ACM symposium on Virtual reality software and technology},
	pages={33--40},
	year={2012},
	organization={ACM}
}
@inproceedings{rao2014ar,
	title={AR-IVI—Implementation of In-Vehicle Augmented Reality},
	author={Rao, Qing and Tropper, Tobias and Gr{\"u}nler, Christian and Hammori, Markus and Chakraborty, Samarjit},
	booktitle={Mixed and Augmented Reality (ISMAR), 2014 IEEE International Symposium on},
	pages={3--8},
	year={2014},
	organization={IEEE}
}
%improvements + technology
@inproceedings{newcombe2011kinectfusion,
	title={KinectFusion: Real-time dense surface mapping and tracking},
	author={Newcombe, Richard A and Izadi, Shahram and Hilliges, Otmar and Molyneaux, David and Kim, David and Davison, Andrew J and Kohi, Pushmeet and Shotton, Jamie and Hodges, Steve and Fitzgibbon, Andrew},
	booktitle={Mixed and augmented reality (ISMAR), 2011 10th IEEE international symposium on},
	pages={127--136},
	year={2011},
	organization={IEEE}
}
@inproceedings{jachnik2012real,
	title={Real-time surface light-field capture for augmentation of planar specular surfaces},
	author={Jachnik, Jan and Newcombe, Richard A and Davison, Andrew J},
	booktitle={Mixed and Augmented Reality (ISMAR), 2012 IEEE International Symposium on},
	pages={91--97},
	year={2012},
	organization={IEEE}
}
%toolkits
@online{artoolkitHIT,
  title={ARToolKit},
  url={http://www.hitl.washington.edu/artoolkit/},
  urldate = {04.08.2013}
}
@online{artoolkit6,
  title={ARToolKit6},
  url={https://artoolkit.org/},
  urldate = {04.08.2013}
}
@article{shaw1993decoupled,
  title={Decoupled simulation in virtual reality with the MR toolkit},
  author={Shaw, Chris and Green, Mark and Liang, Jiandong and Sun, Yunqi},
  journal={ACM Transactions on Information Systems (TOIS)},
  volume={11},
  number={3},
  pages={287--317},
  year={1993},
  publisher={ACM}
}
@article{carlsson1993dive,
  title={DIVE -- A platform for multi-user virtual environments},
  author={Carlsson, Christer and Hagsand, Olof},
  journal={Computers \& graphics},
  volume={17},
  number={6},
  pages={663--669},
  year={1993},
  publisher={Elsevier}
}
@inproceedings{tramberend1999avocado,
  title={Avocado: A distributed virtual reality framework},
  author={Tramberend, Henrik},
  booktitle={Virtual Reality, 1999. Proceedings., IEEE},
  pages={14--21},
  year={1999},
  organization={IEEE}
}
@inproceedings{schmalstieg2000bridging,
  title={Bridging multiple user interface dimensions with augmented reality},
  author={Schmalstieg, Dieter and Fuhrmann, Anton and Hesina, Gerd},
  booktitle={Augmented Reality, 2000.(ISAR 2000). Proceedings. IEEE and ACM International Symposium on},
  pages={20--29},
  year={2000},
  organization={IEEE}
}
@inproceedings{reitmayr2001mobile,
  title={Mobile collaborative augmented reality},
  author={Reitmayr, Gerhard and Schmalstieg, Dieter},
  booktitle={Augmented Reality, 2001. Proceedings. IEEE and ACM International Symposium on},
  pages={114--123},
  year={2001},
  organization={IEEE}
}
@book{wagner2003first,
  title={First steps towards handheld augmented reality},
  author={Wagner, Daniel and Schmalstieg, Dieter},
  year={2003},
  publisher={IEEE}
}
@inproceedings{dorfmuller2001finger,
	title={Finger tracking for interaction in augmented environments},
	author={Dorfmuller-Ulhaas, Klaus and Schmalstieg, Dieter},
	booktitle={Augmented Reality, 2001. Proceedings. IEEE and ACM International Symposium on},
	pages={55--64},
	year={2001},
	organization={IEEE}
}
@article{thomas2002glove,
	title={Glove based user interaction techniques for augmented reality in an outdoor environment},
	author={Thomas, Bruce H and Piekarski, Wayne},
	journal={Virtual Reality},
	volume={6},
	number={3},
	pages={167--180},
	year={2002},
	publisher={Springer}
}
@inproceedings{piekarski2003object,
  title={An object-oriented software architecture for 3D mixed reality applications},
  author={Piekarski, Wayne and Thomas, Bruce H},
  booktitle={Proceedings of the 2nd IEEE/ACM International Symposium on Mixed and Augmented Reality},
  pages={247},
  year={2003},
  organization={IEEE Computer Society}
}
@online{samsunggearVR,
  author={Allison, Conor},
  title={Samsung Gear VR (2017) review: Does adding a controller keep Samsung atop the pile?},
  url={https://www.wareable.com/samsung/samsung-gear-vr-review-2017},
  month=jun,
  year= {2017},
}
@online{googledaydream,
  author={Sumra, Husain},
  title={Daydream: Everything you need to know about Google's VR platform},
  url={https://www.wareable.com/google/google-daydream-specs-price-release-date},
  month=may,
  year= {2017},
}
@online{googlecardboard,
  title={Google Cardboard},
  url={https://vr.google.com/cardboard/},
}
@online{mergevr,
  title={Merge VR},
  url={https://mergevr.com/},
  lastaccessed = "August 4, 2017",
}
@online{zapbox,
  author={Dormehl, Luke},
  title={The \$30 Zapbox has the chance to do for mixed reality what Google Cardboard did for VR},
  url={https://www.digitaltrends.com/virtual-reality/zapbox-kickstarter-campaign/},
  month=nov,
  year= {2016},
}
@online{wikitudesdk,
  title={Augmented Reality SDK},
  url={https://www.wikitude.com/products/wikitude-sdk/},
  urldate = {04.08.2013}
}
@online{layarsdk,
  title={The power of augmented reality in your own app},
  url={https://www.layar.com/solutions/},
  urldate = {04.08.2013},

}
@misc{arkit,
  title={ARKit},
  url={https://developer.apple.com/documentation/arkit},
}

@misc{arcore,
	title={ARCore},
	url={https://developers.google.com/ar/},
}

@misc{arkit-pointcloud,
	title={PointCloud},
	url={https://developer.apple.com/documentation/arkit/arpointcloud},
}

@misc{arcore-pointcloud,
	title={ARPointCloud},
	url={https://developers.google.com/ar/reference/java/arcore/reference/com/google/ar/core/PointCloud},
}
%urldate = {07.12.2018},

@online{arsdk,
  author={Bryskin, Gleb and V., Mykola},
  title={Best Tools for Building Augmented Reality Mobile Apps},
  url={https://rubygarage.org/blog/best-tools-for-building-augmented-reality-mobile-apps},
  month=jul,
  year= {2017},
}
@online{windowsmr,
  author={Warren, Tom},
  title={Microsoft reveals Dell and Asus Windows Mixed Reality headsets},
  url={https://www.theverge.com/2017/5/31/15717478/dell-asus-windows-mixed-reality-headsets-features},
  month=mar,
  year= {2017},
}
@misc{windowsmr-dev,
	title={Windows Mixed Reality for developers},
	url={https://developer.microsoft.com/en-us/windows/mixed-reality},
	urldate= {2018},
}
@online{pokemongo,
  author={Greenemeier, Larry},
  title={Is Pokémon GO Really Augmented Reality?},
  url={https://www.scientificamerican.com/article/is-pokemon-go-really-augmented-reality/},
  month=jul,
  year= {2016},
}
@online{googletranslate,
  author={Olanoff, Drew},
  title={Google Translate’s App Now Instantly Translates Printed Text In 27 Languages},
  url={https://techcrunch.com/2015/07/29/google-translates-app-now-instantly-translates-printed-text-in-27-languages/},
  month=jul,
  year= {2015},
}
@online{vrheadsets,
  author={Greenwald, Will},
  title={The Best VR (Virtual Reality) Headsets of 2017},
  url={http://au.pcmag.com/consumer-electronics-reviews-ratings/42713/guide/the-best-vr-virtual-reality-headsets-of-2017},
  month=jul,
  year= {2017},
}
@misc{olsson2013wearable,
  title={Wearable device with input and output structures},
  author={Olsson, M.I. and Heinrich, M.J. and Kelly, D. and Lapetina, J.},
  url={https://www.google.com/patents/US20130044042},
  year={2013},
  month=feb # "~21",
  publisher={Google Patents},
  note={US Patent App. 13/212,686}
}
@online{reconjet,
  title={Recon Jet\texttrademark},
  url={https://www.reconinstruments.com/products/jet/},
  urldate = {04.08.2013}
}
@online{vuzixm300,
  title={M300 Smart Glasses},
  url={https://www.vuzix.com/Products/m300-smart-glasses},
  urldate = {04.08.2013}
}
@online{vuzixm100,
  title={M100 Smart Glasses},
  url={https://www.vuzix.com/Products/m100-smart-glasses},
  urldate = {04.08.2013}
}
@online{vuzixwaveguide,
  author={Healey, Nic},
  title={Vuzix and Nokia create 'waveguide' smart glasses},
  url={https://www.cnet.com/au/news/vuzix-and-nokia-create-waveguide-smart-glasses/},
  month=dec,
  year= {2013},
}
@online{epsonmoveriobt300,
  title={Moverio BT-300 Smart Glasses (AR/Developer Edition)},
  url={https://epson.com/For-Work/Wearables/Smart-Glasses/Moverio-BT-300-Smart-Glasses-\%28AR-Developer-Edition\%29-/p/V11H756020},
  urldate = {04.08.2013}
}
@online{daqrisdlight,
  title={Software defined light},
  url={https://daqri.com/technology/software-defined-light/},
  urldate = {04.08.2013}
}
@online{daqrihud,
  title={DAQRI SMART HUD},
  url={https://daqri.com/products/smart-hud/},
  urldate = {04.08.2013}
}
@online{daqritheverge,
        title = {DAQRI's augmented reality headset wants to change how we work - Small Empires S. 3 Ep. 7},
        date = {2015},
        organization = {Youtube},
        author = {The Verge},
        url = {https://www.youtube.com/watch?v=wTp82DbJ-1o},
}
@online{meta2bloomberg,
        title = {Could This Hologram Headset Replace Your Cubicle?},
        date = {2017},
        organization = {Youtube},
        author = {Bloomberg},
        url = {https://www.youtube.com/watch?v=wTp82DbJ-1o},
}
@online{odgr7smartglasses,
  title={R-7 Smartglasses System},
  url={https://shop.osterhoutgroup.com/products/r-7-glasses-system},
  urldate = {04.08.2013}
}
@online{meta2,
  title={The Meta 2: Made for AR App Development},
  url={https://buy.metavision.com/},
  urldate = {04.08.2013}
}
@online{hololensbattery,
  author={Warren, Tom},
  title={Microsoft's HoloLens battery lasts up to 5.5 hours},
  url={https://www.theverge.com/2016/1/16/10778864/microsoft-hololens-battery-life-features},
  month=jan,
  year= {2016},
}
@online{bbccarhud2014,
  author={Stewart, Jon},
  title={Cars turn to augmented reality},
  url={http://www.bbc.com/future/story/20121130-cars-turn-to-augmented-reality},
  month=nov,
  year= {2014},
}
@online{continentalhud,
  title={head-up displays},
  url={http://continental-head-up-display.com/},
  urldate = {04.08.2013}
}
@online{dashboardAR,
  author={Burgess, Matt},
  title={Death to the dashboard: AR windscreens in cars could make driving safer and easier},
  url={http://www.wired.co.uk/article/panasonic-augmented-reality-car},
  month=jan,
  year= {2017},
}
@online{lampix,
  author={Petrova, Magdalena},
  title={This smart light is bright: It turns any surface into an interactive display},
  url={http://www.pcworld.com/article/3119927/consumer-electronics/this-smart-light-is-bright-in-more-ways-than-one.html},
  month=sep,
  year= {2016},
}
@online{xperiatouch,
  author={Dolcourt, Jessica},
  title={Sony Xperia Touch beams out Android you can tap (hands-on)},
  url={https://www.cnet.com/au/products/sony-xperia-touch/preview/},
  month=jan,
  year= {2017},
}
@online{mrroom,
        title = {Mixed Reality Project},
        date = {2017},
        organization = {THEORIZ},
        author = {THEORIZ Studio CNC},
        url = {http://www.theoriz.com/portfolio/mixed-reality-project/},
}
@inproceedings{ren2016recon,
	title={Recon: Revealing and controlling pii leaks in mobile network traffic},
	author={Ren, Jingjing and Rao, Ashwin and Lindorfer, Martina and Legout, Arnaud and Choffnes, David},
	booktitle={Proceedings of the 14th Annual International Conference on Mobile Systems, Applications, and Services},
	pages={361--374},
	year={2016},
	organization={ACM}
}
@unpublished{lee2015risk,
	title={Risk Perceptions for Wearable Devices},
	author={Lee, Linda and Egelman, Serge and Lee, Joong Hwa and Wagner, David},
	archivePrefix = "arXiv",
	eprint = {1504.05694},
	year={2015}
}
@inproceedings{felt2012android,
	title={Android permissions: User attention, comprehension, and behavior},
	author={Felt, Adrienne Porter and Ha, Elizabeth and Egelman, Serge and Haney, Ariel and Chin, Erika and Wagner, David},
	booktitle={Proceedings of the eighth symposium on usable privacy and security},
	pages={3},
	year={2012},
	organization={ACM}
}
@article{acquisti2016economics,
  title={The economics of privacy},
  author={Acquisti, Alessandro and Taylor, Curtis R and Wagman, Liad},
  year={2016}
}
@article{dwork2014algorithmic,
  title={The algorithmic foundations of differential privacy},
  author={Dwork, Cynthia and Roth, Aaron and others},
  journal={Foundations and Trends{\textregistered} in Theoretical Computer Science},
  volume={9},
  number={3--4},
  pages={211--407},
  year={2014},
  publisher={Now Publishers, Inc.}
}
@inproceedings{mcsherry2007mechanism,
  title={Mechanism design via differential privacy},
  author={McSherry, Frank and Talwar, Kunal},
  booktitle={Foundations of Computer Science, 2007. FOCS'07. 48th Annual IEEE Symposium on},
  pages={94--103},
  year={2007},
  organization={IEEE}
}

@inproceedings{shokri2011quantifying,
	title={Quantifying location privacy},
	author={Shokri, Reza and Theodorakopoulos, George and Le Boudec, Jean-Yves and Hubaux, Jean-Pierre},
	booktitle={2011 IEEE symposium on security and privacy},
	pages={247--262},
	year={2011},
	organization={IEEE}
}

@inproceedings{shokri2015privacy,
	title={Privacy-preserving deep learning},
	author={Shokri, Reza and Shmatikov, Vitaly},
	booktitle={Proceedings of the 22nd ACM SIGSAC conference on computer and communications security},
	pages={1310--1321},
	year={2015},
	organization={ACM}
}

@inproceedings{abadi2016deep,
	title={Deep learning with differential privacy},
	author={Abadi, Martin and Chu, Andy and Goodfellow, Ian and McMahan, H Brendan and Mironov, Ilya and Talwar, Kunal and Zhang, Li},
	booktitle={Proceedings of the 2016 ACM SIGSAC Conference on Computer and Communications Security},
	pages={308--318},
	year={2016},
	organization={ACM}
}

@article{Wagner:2018:TPM:3212709.3168389,
	author = {Wagner, Isabel and Eckhoff, David},
	title = {Technical Privacy Metrics: A Systematic Survey},
	journal = {ACM Comput. Surv.},
	issue_date = {July 2018},
	volume = {51},
	number = {3},
	month = jun,
	year = {2018},
	issn = {0360-0300},
	pages = {57:1--57:38},
	articleno = {57},
	numpages = {38},
	url = {http://doi.acm.org/10.1145/3168389},
	doi = {10.1145/3168389},
	acmid = {3168389},
	publisher = {ACM},
	address = {New York, NY, USA},
	keywords = {Privacy metrics, measuring privacy},
}

@INPROCEEDINGS{narayanan2009deanonymizing,
author={A. Narayanan and V. Shmatikov},
booktitle={2009 30th IEEE Symposium on Security and Privacy},
title={De-anonymizing Social Networks},
year={2009},
volume={},
number={},
pages={173-187},
keywords={data mining;data privacy;graph theory;social networking (online);de-anonymizing social networks;data mining researchers;application developers;re-identification algorithm;anonymized social network graphs;network topology;Privacy;Facebook;Data privacy;Peer to peer computing;Companies;social networks;anonymity;privacy},
doi={10.1109/SP.2009.22},
ISSN={1081-6011},
month={May},}

@article{sweeney2002k,
  title={k-anonymity: A model for protecting privacy},
  author={Sweeney, Latanya},
  journal={International Journal of Uncertainty, Fuzziness and Knowledge-Based Systems},
  volume={10},
  number={05},
  pages={557--570},
  year={2002},
  publisher={World Scientific}
}
@inproceedings{mohan2012gupt,
  title={GUPT: privacy preserving data analysis made easy},
  author={Mohan, Prashanth and Thakurta, Abhradeep and Shi, Elaine and Song, Dawn and Culler, David},
  booktitle={Proceedings of the 2012 ACM SIGMOD International Conference on Management of Data},
  pages={349--360},
  year={2012},
  organization={ACM}
}
@article{he2011pda,
  title={PDA: privacy-preserving data aggregation for information collection},
  author={He, Wenbo and Liu, Xue and Nguyen, Hoang Viet and Nahrstedt, Klara and Abdelzaher, Tarek},
  journal={ACM Transactions on Sensor Networks (TOSN)},
  volume={8},
  number={1},
  pages={6},
  year={2011},
  publisher={ACM}
}
@inproceedings{he2007pda,
	title={Pda: Privacy-preserving data aggregation in wireless sensor networks},
	author={He, Wenbo and Liu, Xue and Nguyen, Hoang and Nahrstedt, Klara and Abdelzaher, Tarek},
	booktitle={INFOCOM 2007. 26th IEEE International Conference on Computer Communications. IEEE},
	pages={2045--2053},
	year={2007},
	organization={IEEE}
}
@inproceedings{erlingsson2014rappor,
  title={Rappor: Randomized aggregatable privacy-preserving ordinal response},
  author={Erlingsson, {\'U}lfar and Pihur, Vasyl and Korolova, Aleksandra},
  booktitle={Proceedings of the 2014 ACM SIGSAC conference on computer and communications security},
  pages={1054--1067},
  year={2014},
  organization={ACM}
}
@inproceedings{yao1986generate,
	title={How to generate and exchange secrets},
	author={Yao, Andrew Chi-Chih},
	booktitle={Foundations of Computer Science, 1986., 27th Annual Symposium on},
	pages={162--167},
	year={1986},
	organization={IEEE}
}
@inproceedings{huang2011faster,
	title={Faster Secure Two-Party Computation Using Garbled Circuits.},
	author={Huang, Yan and Evans, David and Katz, Jonathan and Malka, Lior},
	booktitle={USENIX Security Symposium},
	volume={201},
	number={1},
	year={2011}
}
@inproceedings{zyskind2015decentralizing,
  title={Decentralizing privacy: Using blockchain to protect personal data},
  author={Zyskind, Guy and Nathan, Oz and others},
  booktitle={Security and Privacy Workshops (SPW), 2015 IEEE},
  pages={180--184},
  year={2015},
  organization={IEEE}
}
@book{gentry2009fully,
	title={A fully homomorphic encryption scheme},
	author={Gentry, Craig},
	year={2009},
	publisher={Stanford University}
}
@article{crabtree2016databox,
  title={Enabling the new economic actor: data protection, the digital economy, and the Databox},
  author={Crabtree, Andy and Lodge, Tom and Colley, James and Greenhalgh, Chris and Mortier, Richard and Haddadi, Hamed},
  journal={Personal and Ubiquitous Computing},
  volume={20},
  number={6},
  pages={947--957},
  year={2016},
  publisher={Springer}
}
@article{mortier2016personal,
  title={Personal data management with the Databox: what’s inside the box?},
  author={Mortier, Richard and Zhao, Jianxin and Crowcroft, Jon and Li, Qi and Wang, Liang and Haddadi, Hamed and Amar, Yousef and Crabtree, Andy and Colley, James and Lodge, Tom and others},
  year={2016}
}
@inproceedings{lee2013pibox,
  title={$\pi$Box: A Platform for Privacy-Preserving Apps.},
  author={Lee, Sangmin and Wong, Edmund L and Goel, Deepak and Dahlin, Mike and Shmatikov, Vitaly},
  booktitle={NSDI},
  pages={501--514},
  year={2013}
}
@inproceedings{mun2010pdv,
  title={Personal data vaults: a locus of control for personal data streams},
  author={Mun, Min and Hao, Shuai and Mishra, Nilesh and Shilton, Katie and Burke, Jeff and Estrin, Deborah and Hansen, Mark and Govindan, Ramesh},
  booktitle={Proceedings of the 6th International COnference},
  pages={17},
  year={2010},
  organization={ACM}
}
@article{deMontjoye2014openpds,
  title={openpds: Protecting the privacy of metadata through safeanswers},
  author={de Montjoye, Yves-Alexandre and Shmueli, Erez and Wang, Samuel S and Pentland, Alex Sandy},
  journal={PloS one},
  volume={9},
  number={7},
  pages={e98790},
  year={2014},
  publisher={Public Library of Science}
}
@online{magicleap,
  author={Kelly, Kevin},
  title={The Untold Story of Magic Leap, the World’s Most Secretive Startup},
  url={https://www.wired.com/2016/04/magic-leap-vr/},
  month=may,
  year={2016},
}
@online{mixedreality,
  author={Curtin, Keith},
  title={Mixed Reality will be most important tech of 2017},
  url={https://thenextweb.com/insider/2017/01/07/mixed-reality-will-be-most-important-tech-of-2017},
  month=jan,
  year= {2017},
}
@online{forbes2016wearables,
  author={Lamkin, Paul},
  title={Wearable Tech Market To Be Worth \$34 Billion By 2020},
  url={https://www.forbes.com/sites/paullamkin/2016/02/17/wearable-tech-market-to-be-worth-34-billion-by-2020/},
  month=feb,
  year= {2016},
}
@online{hololens,
  author={Goode, Lauren and Warren, Tom},
  title={This is what Microsoft HoloLens is really like},
  url={https://www.theverge.com/2016/4/1/11334488/microsoft-hololens-video-augmented-reality-ar-headset-hands-on},
  month=april,
  year= {2015},
}
@online{hololenshardware,
  title={HoloLens hardware details},
  url={https://developer.microsoft.com/en-us/windows/mixed-reality/hololens_hardware_details},
  urldate = {04.08.2013}
}
@online{facebookVR,
  author={Rubin, Peter},
  title={Facebook's Bizarre VR App Is Exactly Why Zuck Bought Oculus},
  url={https://www.wired.com/2017/04/facebook-spaces-vr-for-your-friends/},
  month=april,
  year= {2017}
}
@online{untethered2016hololens,
  author={Lalwani, Mona},
  title={Untethered and unguided: Our first deep look at HoloLens},
  url={https://www.engadget.com/2016/03/31/our-first-deep-look-at-hololens/},
  month=march,
  year= {2016}
}
@online{futureMR,
  author={Rizzotto, Lucas},
  title={The Next 5 Years: Predictions for VR/MR},
  url={https://medium.com/futurepi/predictions-whats-next-for-vr-mr-2c9663d58c46},
  month=march,
  year= {2017}
}
@online{3Dsensors,
  author={Stelingyte, Ieva},
  title={3D Sensors — What Is Out There?},
  url={https://medium.com/advanced-computer-vision/3d-sensors-what-is-out-there-5e65fd3e8afe},
  month=june,
  year= {2016},
}
@online{3Dsensorsprivacy,
  author={Spencer, Lucy},
  title={The new privacy debate: ensuring privacy in a ‘mixed reality’ world},
  url={https://itu4u.wordpress.com/2016/12/14/the-new-privacy-debate-ensuring-privacy-in-a-mixed-reality-world/},
  month=december,
  year= {2016},
}
@article{milgram1994taxonomy,
  title={A taxonomy of mixed reality visual displays},
  author={Milgram, Paul and Kishino, Fumio},
  journal={IEICE TRANSACTIONS on Information and Systems},
  volume={77},
  number={12},
  pages={1321--1329},
  year={1994},
  publisher={The Institute of Electronics, Information and Communication Engineers}
}
@inproceedings{milgram1994augmented,
  title={Augmented reality: A class of displays on the reality-virtuality continuum},
  author={Milgram, Paul and Takemura, Haruo and Utsumi, Akira and Kishino, Fumio and others},
  booktitle={Telemanipulator and telepresence technologies},
  volume={2351},
  number={11},
  pages={282--292},
  year={1994}
}
@article{azuma1997survey,
  title={A survey of augmented reality},
  author={Azuma, Ronald T},
  journal={Presence: Teleoperators and virtual environments},
  volume={6},
  number={4},
  pages={355--385},
  year={1997},
  publisher={MIT Press}
}
@article{azuma2001recent,
  title={Recent advances in augmented reality},
  author={Azuma, Ronald and Baillot, Yohan and Behringer, Reinhold and Feiner, Steven and Julier, Simon and MacIntyre, Blair},
  journal={IEEE computer graphics and applications},
  volume={21},
  number={6},
  pages={34--47},
  year={2001},
  publisher={IEEE}
}
@article{rabbi2013survey,
  title={A survey on augmented reality challenges and tracking},
  author={Rabbi, Ihsan and Ullah, Sehat},
  journal={Acta Graphica znanstveni {\v{c}}asopis za tiskarstvo i grafi{\v{c}}ke komunikacije},
  volume={24},
  number={1-2},
  pages={29--46},
  year={2013},
  publisher={Acta Graphica doo}
}
@article{kroeker2010mainstreaming,
  title={Mainstreaming augmented reality},
  author={Kroeker, Kirk L},
  journal={Communications of the ACM},
  volume={53},
  number={7},
  pages={19--21},
  year={2010},
  publisher={ACM}
}
@inproceedings{friedman2000value,
  title={New directions: A Value-Sensitive Design approach to augmented reality},
  author={Friedman, Batya and Kahn Jr, Peter H},
  booktitle={Proceedings of DARE 2000 on designing augmented reality environments},
  pages={163--164},
  year={2000},
  organization={ACM}
}
@inproceedings{ma2005smartworld,
  title={A walkthrough from smart spaces to smart hyperspaces towards a smart world with ubiquitous intelligence},
  author={Ma, Jianhua and Yang, Laurence Tianruo and Apduhan, Bernady O and Huang, Runhe and Barolli, Leonard and Takizawa, Makoto and Shih, Timothy K},
  booktitle={Parallel and Distributed Systems, 2005. Proceedings. 11th International Conference on},
  volume={1},
  pages={370--376},
  year={2005},
  organization={IEEE}
}
@article{Roesner2014,
 author = {Roesner, Franziska and Kohno, Tadayoshi and Molnar, David},
 title = {Security and Privacy for Augmented Reality Systems},
 journal = {Commun. ACM},
 issue_date = {April 2014},
 volume = {57},
 number = {4},
 month = apr,
 year = {2014},
 issn = {0001-0782},
 pages = {88--96},
 numpages = {9},
 url = {http://doi.acm.org/10.1145/2580723.2580730},
 doi = {10.1145/2580723.2580730},
 acmid = {2580730},
 publisher = {ACM},
 address = {New York, NY, USA},
}
@inproceedings{lebeck2016safely,
  title={How to safely augment reality: Challenges and Directions},
  author={Lebeck, Kiron and Kohno, Tadayoshi and Roesner, Franziska},
  booktitle={Proceedings of the 17th International Workshop on Mobile Computing Systems and Applications},
  pages={45--50},
  year={2016},
  organization={ACM}
}
@inproceedings{McPherson2015ARBrowsers,
 author = {McPherson, Richard and Jana, Suman and Shmatikov, Vitaly},
 title = {No Escape From Reality: Security and Privacy of Augmented Reality Browsers},
 booktitle = {Proceedings of the 24th International Conference on World Wide Web},
 series = {WWW '15},
 year = {2015},
 isbn = {978-1-4503-3469-3},
 location = {Florence, Italy},
 pages = {743--753},
 numpages = {11},
 url = {https://doi.org/10.1145/2736277.2741657},
 doi = {10.1145/2736277.2741657},
 acmid = {2741657},
 publisher = {International World Wide Web Conferences Steering Committee},
 address = {Republic and Canton of Geneva, Switzerland},
 keywords = {augmented reality, mobile security, privacy, web security},
}
@article{acquisti2011,
  title={Privacy in the age of augmented reality},
  author={Acquisti, Alessandro},
  year = {2011}
}
@inproceedings{heimo2014ethical,
  title={Augmented reality-Towards an ethical fantasy?},
  author={Heimo, Olli I and Kimppa, Kai K and Helle, Seppo and Korkalainen, Timo and Lehtonen, Teijo},
  booktitle={Ethics in Science, Technology and Engineering, 2014 IEEE International Symposium on},
  pages={1--7},
  year={2014},
  organization={IEEE}
}
@inproceedings{figueiredo2016prepose,
  title={Prepose: Privacy, Security, and Reliability for Gesture-Based Programming},
  author={Figueiredo, Lucas Silva and Livshits, Benjamin and Molnar, David and Veanes, Margus},
  booktitle={Security and Privacy (SP), 2016 IEEE Symposium on},
  pages={122--137},
  year={2016},
  organization={IEEE}
}
@inproceedings{jana2013enabling,
  title={Enabling Fine-Grained Permissions for Augmented Reality Applications with Recognizers.},
  author={Jana, Suman and Molnar, David and Moshchuk, Alexander and Dunn, Alan M and Livshits, Benjamin and Wang, Helen J and Ofek, Eyal},
  booktitle={USENIX Security},
  year = {2013}
}
@inproceedings{jana2013scanner,
  title={A Scanner Darkly: Protecting user privacy from perceptual applications},
  author={Jana, Suman and Narayanan, Arvind and Shmatikov, Vitaly},
  booktitle={Security and Privacy (SP), 2013 IEEE Symposium on},
  pages={349--363},
  year={2013},
  organization={IEEE}
}
@inproceedings{templeman2014placeavoider,
  title={PlaceAvoider: Steering First-Person Cameras away from Sensitive Spaces.},
  author={Templeman, Robert and Korayem, Mohammed and Crandall, David J and Kapadia, Apu},
  booktitle={NDSS},
  year={2014}
}
@inproceedings{denning2014situ,
  title={In situ with bystanders of augmented reality glasses: Perspectives on recording and privacy-mediating technologies},
  author={Denning, Tamara and Dehlawi, Zakariya and Kohno, Tadayoshi},
  booktitle={Proceedings of the 32nd annual ACM conference on Human factors in computing systems},
  pages={2377--2386},
  year={2014},
  organization={ACM}
}
@inproceedings{xu2015semadroid,
  title={Semadroid: A privacy-aware sensor management framework for smartphones},
  author={Xu, Zhi and Zhu, Sencun},
  booktitle={Proceedings of the 5th ACM Conference on Data and Application Security and Privacy},
  pages={61--72},
  year={2015},
  organization={ACM}
}
@article{balduini2012bottari,
  title={BOTTARI: An augmented reality mobile application to deliver personalized and location-based recommendations by continuous analysis of social media streams},
  author={Balduini, Marco and Celino, Irene and Dell’Aglio, Daniele and Della Valle, Emanuele and Huang, Yi and Lee, Tony and Kim, Seon-Ho and Tresp, Volker},
  journal={Web Semantics: Science, Services and Agents on the World Wide Web},
  volume={16},
  pages={33--41},
  year={2012},
  publisher={Elsevier}
}
@inproceedings{zhao2015,
  title={Privacy Protection for Perceptual Applications on Smartphones},
  author={Zhao, Kao and Zou, Deqing and Jin, Hai and Tian, Zhangbiaoge and Qiang, Weizhong and Dai, Weiqi},
  booktitle={Mobile Services (MS), 2015 IEEE International Conference on},
  pages={174--181},
  year={2015},
  organization={IEEE}
}
@inproceedings{lebeck2017securing,
	title={Securing Augmented Reality Output},
	author={Lebeck, Kiron and Ruth, Kimberly and Kohno, Tadayoshi and Roesner, Franziska},
	booktitle={Security and Privacy (SP), 2017 IEEE Symposium on},
	pages={320--337},
	year={2017},
	organization={IEEE}
}
@inproceedings{vilk2015surroundweb,
  title={Surroundweb: Mitigating privacy concerns in a 3d web browser},
  author={Vilk, John and Molnar, David and Livshits, Benjamin and Ofek, Eyal and Rossbach, Chris and Moshchuk, Alexander and Wang, Helen J and Gal, Ran},
  booktitle={Security and Privacy (SP), 2015 IEEE Symposium on},
  pages={431--446},
  year={2015},
  organization={IEEE}
}
@techreport{vilk2014least,
  title={Least Privilege Rendering in a 3D Web Browser},
  author={Vilk, John and Molnar, David and Ofek, Eyal and Rossbach, Chris and Livshits, Benjamin and Moshchuk, Alexander and Wang, Helen J and Gal, Ran},
  year = {2014},
  publisher = {Microsoft Research},
}
@inproceedings{gaebel2016looks,
  title={Looks Good To Me: Authentication for Augmented Reality},
  author={Gaebel, Ethan and Zhang, Ning and Lou, Wenjing and Hou, Y Thomas},
  booktitle={Proceedings of the 6th International Workshop on Trustworthy Embedded Devices},
  pages={57--67},
  year={2016},
  organization={ACM}
}
@inproceedings{dantoni2013,
  title={Operating System Support for Augmented Reality Applications.},
  author={D'Antoni, Loris and Dunn, Alan M and Jana, Suman and Kohno, Tadayoshi and Livshits, Benjamin and Molnar, David and Moshchuk, Alexander and Ofek, Eyal and Roesner, Franziska and Saponas, T Scott and others},
  booktitle={HotOS},
  volume={13},
  pages={21--21},
  year={2013}
}
@inproceedings{varghese2015smart,
  title={Smart: secure mobile augmented reality for tele-assistance},
  author={Varghese, Ashley and Narendra, N and Singh, Meena and Vl, Shivraj and Ma, Rajan and Chandra, M Girish and Balamuralidhar, P},
  booktitle={Multimedia and Broadcasting (APMediaCast), 2015 Asia Pacific Conference on},
  pages={1--7},
  year={2015},
  organization={IEEE}
}
@inproceedings{raval2014markit,
  title={Markit: Privacy markers for protecting visual secrets},
  author={Raval, Nisarg and Srivastava, Animesh and Lebeck, Kiron and Cox, Landon and Machanavajjhala, Ashwin},
  booktitle={Proceedings of the 2014 ACM International Joint Conference on Pervasive and Ubiquitous Computing: Adjunct Publication},
  pages={1289--1295},
  year={2014},
  organization={ACM}
}
@inproceedings{hoyle2014privacy,
  title={Privacy behaviors of lifeloggers using wearable cameras},
  author={Hoyle, Roberto and Templeman, Robert and Armes, Steven and Anthony, Denise and Crandall, David and Kapadia, Apu},
  booktitle={Proceedings of the 2014 ACM International Joint Conference on Pervasive and Ubiquitous Computing},
  pages={571--582},
  year={2014},
  organization={ACM}
}
@inproceedings{roesner2014world,
  title={World-driven access control for continuous sensing},
  author={Roesner, Franziska and Molnar, David and Moshchuk, Alexander and Kohno, Tadayoshi and Wang, Helen J},
  booktitle={Proceedings of the 2014 ACM SIGSAC Conference on Computer and Communications Security},
  pages={1169--1181},
  year={2014},
  organization={ACM}
}
@inproceedings{aditya2016pic,
  title={I-pic: A platform for privacy-compliant image capture},
  author={Aditya, Paarijaat and Sen, Rijurekha and Druschel, Peter and Joon Oh, Seong and Benenson, Rodrigo and Fritz, Mario and Schiele, Bernt and Bhattacharjee, Bobby and Wu, Tong Tong},
  booktitle={Proceedings of the 14th Annual International Conference on Mobile Systems, Applications, and Services},
  pages={235--248},
  year={2016},
  organization={ACM}
}
@inproceedings{li2016privacycamera,
  title={PrivacyCamera: Cooperative Privacy-Aware Photographing with Mobile Phones},
  author={Li, Ang and Li, Qinghua and Gao, Wei},
  booktitle={Sensing, Communication, and Networking (SECON), 2016 13th Annual IEEE International Conference on},
  pages={1--9},
  year={2016},
  organization={IEEE}
}
@inproceedings{raval2016you,
  title={What you mark is what apps see},
  author={Raval, Nisarg and Srivastava, Animesh and Razeen, Ali and Lebeck, Kiron and Machanavajjhala, Ashwin and Cox, Lanodn P},
  booktitle={Proceedings of the 14th Annual International Conference on Mobile Systems, Applications, and Services},
  pages={249--261},
  year={2016},
  organization={ACM}
}
@inproceedings{zarepour2016context,
  title={A context-based privacy preserving framework for wearable visual lifeloggers},
  author={Zarepour, Eisa and Hosseini, Mohammadreza and Kanhere, Salil S and Sowmya, Arcot},
  booktitle={Pervasive Computing and Communication Workshops (PerCom Workshops), 2016 IEEE International Conference on},
  pages={1--4},
  year={2016},
  organization={IEEE}
}
@article{shu2016cardea,
  title={Cardea: Context-Aware Visual Privacy Protection from Pervasive Cameras},
  author={Shu, Jiayu and Zheng, Rui and Hui, Pan},
  journal={arXiv preprint arXiv:1610.00889},
  year={2016}
}
@article{wang2017scalable,
  title={A Scalable and Privacy-Aware IoT Service for Live Video Analytics},
  author={Wang, Junjue and Amos, Brandon and Das, Anupam and Pillai, Padmanabhan and Sadeh, Norman and Satyanarayanan, Mahadev},
  year={2017}
}
@inproceedings{billinghurst1999collaborative,
  title={Collaborative mixed reality},
  author={Billinghurst, Mark and Kato, Hirokazu},
  booktitle={Proceedings of the First International Symposium on Mixed Reality},
  pages={261--284},
  year={1999}
}
%Work on interactions
@inproceedings{schmalstieg2002,
  title={Distributed applications for collaborative augmented reality},
  author={Schmalstieg, Dieter and Hesina, Gerd},
  booktitle={Virtual Reality, 2002. Proceedings. IEEE},
  pages={59--66},
  year={2002},
  organization={IEEE}
}
@article{cheok2002touch,
  title={Touch-space: Mixed reality game space based on ubiquitous, tangible, and social computing},
  author={Cheok, Adrian David and Yang, Xubo and Ying, Zhou Zhi and Billinghurst, Mark and Kato, Hirokazu},
  journal={Personal and ubiquitous computing},
  volume={6},
  number={5-6},
  pages={430--442},
  year={2002},
  publisher={Springer-Verlag}
}
@inproceedings{szalavari1997personal,
  title={The personal interaction Panel--a Two-Handed interface for augmented reality},
  author={Szalav{\'a}ri, Zsolt and Gervautz, Michael},
  booktitle={Computer graphics forum},
  volume={16},
  number={3},
  year={1997},
  organization={Wiley Online Library}
}
@inproceedings{billinghurst2000mixing,
  title={Mixing realities in shared space: An augmented reality interface for collaborative computing},
  author={Billinghurst, Mark and Poupyrev, Ivan and Kato, Hirokazu and May, Richard},
  booktitle={Multimedia and Expo, 2000. ICME 2000. 2000 IEEE International Conference on},
  volume={3},
  pages={1641--1644},
  year={2000},
  organization={IEEE}
}
@inproceedings{szalavari1998gaming,
  title={Collaborative gaming in augmented reality},
  author={Szalav{\'a}ri, Zsolt and Eckstein, Erik and Gervautz, Michael},
  booktitle={Proceedings of the ACM symposium on Virtual reality software and technology},
  pages={195--204},
  year={1998},
  organization={ACM}
}
@inproceedings{benford1996shared,
  title={Shared spaces: transportation, artificiality, and spatiality},
  author={Benford, Steve and Brown, Chris and Reynard, Gail and Greenhalgh, Chris},
  booktitle={Proceedings of the 1996 ACM conference on Computer supported cooperative work},
  pages={77--86},
  year={1996},
  organization={ACM}
}
@article{benford1998boundaries,
  title={Understanding and constructing shared spaces with mixed-reality boundaries},
  author={Benford, Steve and Greenhalgh, Chris and Reynard, Gail and Brown, Chris and Koleva, Boriana},
  journal={ACM Transactions on computer-human interaction (TOCHI)},
  volume={5},
  number={3},
  pages={185--223},
  year={1998},
  publisher={ACM}
}
@inproceedings{xu2008bragfish,
  title={BragFish: exploring physical and social interaction in co-located handheld augmented reality games},
  author={Xu, Yan and Gandy, Maribeth and Deen, Sami and Schrank, Brian and Spreen, Kim and Gorbsky, Michael and White, Timothy and Barba, Evan and Radu, Iulian and Bolter, Jay and others},
  booktitle={Proceedings of the 2008 international conference on advances in computer entertainment technology},
  pages={276--283},
  year={2008},
  organization={ACM}
}
@inproceedings{butz1999emmie,
 author = {Butz, Andreas and H\"{o}llerer, Tobias and Feiner, Steven and MacIntyre, Blair and Beshers, Clifford},
 title = {Enveloping Users and Computers in a Collaborative 3D Augmented Reality},
 booktitle = {Proceedings of the 2nd IEEE and ACM International Workshop on Augmented Reality},
 series = {IWAR '99},
 year = {1999},
 isbn = {0-7695-0359-4},
 pages = {35--},
 publisher = {IEEE Computer Society},
 address = {Washington, DC, USA},
}
@article{yong2008survey,
  title={A Survey of Security issues in Collaborative Virtual Environment},
  author={Yong, Seunglim and Moon, Hyun-Yi and Sohn, Yuseung and Fernandes, Miguel},
  journal={IJCSNS},
  volume={8},
  number={1},
  pages={14--19},
  year={2008}
}
@inproceedings{reilly2014secspace,
  title={SecSpace: prototyping usable privacy and security for mixed reality collaborative environments},
  author={Reilly, Derek and Salimian, Mohamad and MacKay, Bonnie and Mathiasen, Niels and Edwards, W Keith and Franz, Juliano},
  booktitle={Proceedings of the 2014 ACM SIGCHI symposium on Engineering interactive computing systems},
  pages={273--282},
  year={2014},
  organization={ACM}
}
@inproceedings{mollers2011taps,
  title={TaPS widgets: interacting with tangible private spaces},
  author={M{\"o}llers, Max and Borchers, Jan},
  booktitle={Proceedings of the ACM International Conference on Interactive Tabletops and Surfaces},
  pages={75--78},
  year={2011},
  organization={ACM}
}
%Device: Authentication, physical protection, etc.
@online{passwords,
  author={Dickinson, Ben},
  title={5 authentication methods putting passwords to shame},
  url={https://thenextweb.com/insider/2016/03/31/5-technologies-will-flip-world-authentication-head},
  month=mar,
  year={2016},
}
@inproceedings{chauhan2017breathprint,
	title={BreathPrint: Breathing Acoustics-based User Authentication},
	author={Chauhan, Jagmohan and Hu, Yining and Seneviratne, Suranga and Misra, Archan and Seneviratne, Aruna and Lee, Youngki},
	booktitle={Proceedings of the 15th Annual International Conference on Mobile Systems, Applications, and Services},
	pages={278--291},
	year={2017},
	organization={ACM}
}
@inproceedings{li2016move,
  title={Whose move is it anyway? Authenticating smart wearable devices using unique head movement patterns},
  author={Li, Sugang and Ashok, Ashwin and Zhang, Yanyong and Xu, Chenren and Lindqvist, Janne and Gruteser, Macro},
  booktitle={Pervasive Computing and Communications (PerCom), 2016 IEEE International Conference on},
  pages={1--9},
  year={2016},
  organization={IEEE}
}
@inproceedings{george2017seamless,
  title={Seamless and Secure VR: Adapting and Evaluating Established Authentication Systems for Virtual Reality},
  author={George, Ceenu and Khamis, Mohamed and von Zezschwitz, Emanuel and Burger, Marinus and Schmidt, Henri and Alt, Florian and Hussmann, Heinrich},
  year={2017}
}
@techreport{kohno2016display,
  title={Display Leakage and Transparent Wearable Displays: Investigation of Risk, Root Causes, and Defenses},
  author={Kohno, Tadayoshi and Kollin, Joel and Molnar, David and Roesner, Franziska},
  year = {2016},
  publisher = {Microsoft Research},
}
@inproceedings{aslan2014mid,
  title={Mid-air authentication gestures: an exploration of authentication based on palm and finger motions},
  author={Aslan, Ilhan and Uhl, Andreas and Meschtscherjakov, Alexander and Tscheligi, Manfred},
  booktitle={Proceedings of the 16th International Conference on Multimodal Interaction},
  pages={311--318},
  year={2014},
  organization={ACM}
}
@inproceedings{rogers2015approach,
  title={An approach for user identification for head-mounted displays},
  author={Rogers, Cynthia E and Witt, Alexander W and Solomon, Alexander D and Venkatasubramanian, Krishna K},
  booktitle={Proceedings of the 2015 ACM International Symposium on Wearable Computers},
  pages={143--146},
  year={2015},
  organization={ACM}
}
@inproceedings{schneegass2016skullconduct,
  title={SkullConduct: Biometric user identification on eyewear computers using bone conduction through the skull},
  author={Schneegass, Stefan and Oualil, Youssef and Bulling, Andreas},
  booktitle={Proceedings of the 2016 CHI Conference on Human Factors in Computing Systems},
  pages={1379--1384},
  year={2016},
  organization={ACM}
}
@article{venkatasubramanian2010pska,
  title={PSKA: Usable and secure key agreement scheme for body area networks},
  author={Venkatasubramanian, Krishna K and Banerjee, Ayan and Gupta, Sandeep Kumar S},
  journal={IEEE Transactions on Information Technology in Biomedicine},
  volume={14},
  number={1},
  pages={60--68},
  year={2010},
  publisher={IEEE}
}
%additional papers on collaboration and authentication
@article{barton2001challenges,
  title={The challenges and opportunities of integrating the physical world and networked systems},
  author={Barton, John and Kindberg, Tim},
  journal={HP LABORATORIES TECHNICAL REPORT HPL},
  number={18},
  year={2001},
  publisher={Hewlett-Packard Laboratories}
}
@inproceedings{reitmayr2003location,
  title={Location based applications for mobile augmented reality},
  author={Reitmayr, Gerhard and Schmalstieg, Dieter},
  booktitle={Proceedings of the Fourth Australasian user interface conference on User interfaces 2003-Volume 18},
  pages={65--73},
  year={2003},
  organization={Australian Computer Society, Inc.}
}
@inproceedings{looser2004through,
  title={Through the looking glass: the use of lenses as an interface tool for Augmented Reality interfaces},
  author={Looser, Julian and Billinghurst, Mark and Cockburn, Andy},
  booktitle={Proceedings of the 2nd international conference on Computer graphics and interactive techniques in Australasia and South East Asia},
  pages={204--211},
  year={2004},
  organization={ACM}
}
@article{hua2004scape,
  title={SCAPE: supporting stereoscopic collaboration in augmented and projective environments},
  author={Hua, Hong and Brown, Leonard D and Gao, Chunyu},
  journal={IEEE Computer Graphics and Applications},
  volume={24},
  number={1},
  pages={66--75},
  year={2004},
  publisher={IEEE}
}
@inproceedings{lukosch2015cimar,
  title={Collaboration in Mediated and Augmented Reality (CiMAR) Summary},
  author={Lukosch, Stephan and Billinghurst, Mark and Kiyokawa, Kiyoshi and Feiner, Steven and Alem, Leila},
  booktitle={Mixed and Augmented Reality Workshops (ISMARW), 2015 IEEE International Symposium on},
  pages={1--2},
  year={2015},
  organization={IEEE}
}
@misc{cimar2014,
  Author = {Billinghurst, Mark},
  Howpublished = {Workshop Presentation},
  Year = {2014},
  Title = {Historical Overview of some collaborative AR systems}
}
@inproceedings{henrysson2005facetoface, 
author={A. Henrysson and M. Billinghurst and M. Ollila}, 
booktitle={Fourth IEEE and ACM International Symposium on Mixed and Augmented Reality (ISMAR'05)}, 
title={Face to face collaborative AR on mobile phones}, 
year={2005}, 
pages={80-89}, 
keywords={augmented reality;computer games;graphical user interfaces;groupware;mobile computing;mobile handsets;ARToolKit library;Symbian mobile phone operating system;augmented reality;collaborative AR game;face to face collaborative AR;mobile phone collaborative AR application;user feedback;Application software;Augmented reality;Collaboration;Collaborative software;Collaborative work;Guidelines;Libraries;Mobile handsets;Operating systems;User interfaces}, 
doi={10.1109/ISMAR.2005.32}, 
month={Oct}
}
@article{regenbrecht2002magicmeeting,
author="Regenbrecht, H.T.
and Wagner, M.
and Baratoff, G.",
title="MagicMeeting: A Collaborative Tangible Augmented Reality System",
journal="Virtual Reality",
year="2002",
month="Oct",
day="01",
volume="6",
number="3",
pages="151--166"
}
@inproceedings{mogilev2002arpad,
 author = {Mogilev, D. and Kiyokawa, K. and Billinghurst, M. and Pair, J.},
 title = {AR Pad: An Interface for Face-to-face AR Collaboration},
 booktitle = {CHI '02 Extended Abstracts on Human Factors in Computing Systems},
 series = {CHI EA '02},
 year = {2002},
 isbn = {1-58113-454-1},
 location = {Minneapolis, Minnesota, USA},
 pages = {654--655},
 numpages = {2},
 url = {http://doi.acm.org/10.1145/506443.506530},
 doi = {10.1145/506443.506530},
 acmid = {506530},
 publisher = {ACM},
 address = {New York, NY, USA},
 keywords = {CSCW, augmented reality, object manipulation},
}
@inproceedings{grasset2002mare,
 author = {Grasset, Rapha\"{e}l and Gascuel, Jean-Dominique},
 title = {MARE: Multiuser Augmented Reality Environment on Table Setup},
 booktitle = {ACM SIGGRAPH 2002 Conference Abstracts and Applications},
 series = {SIGGRAPH '02},
 year = {2002},
 isbn = {1-58113-525-4},
 location = {San Antonio, Texas},
 pages = {213--213},
 numpages = {1},
 url = {http://doi.acm.org/10.1145/1242073.1242226},
 doi = {10.1145/1242073.1242226},
 acmid = {1242226},
 publisher = {ACM},
 address = {New York, NY, USA}
}
@inproceedings{muller2016taskload,
  title={Virtual Objects as Spatial Cues in Collaborative Mixed Reality Environments: How They Shape Communication Behavior and User Task Load},
  author={M{\"u}ller, Jens and R{\"a}dle, Roman and Reiterer, Harald},
  booktitle={Proceedings of the 2016 CHI Conference on Human Factors in Computing Systems},
  pages={1245--1249},
  year={2016},
  organization={ACM}
}
@inproceedings{zhao2016leapmotion,
  title={Interaction in marker-less augmented reality based on hand detection using leap motion},
  author={Zhao, Juncheng and Seah, Hock Soon},
  booktitle={Proceedings of the 15th ACM SIGGRAPH Conference on Virtual-Reality Continuum and Its Applications in Industry-Volume 1},
  pages={147--150},
  year={2016},
  organization={ACM}
}
@inproceedings{feiner1999wearableAR,
  title={The importance of being mobile: some social consequences of wearable augmented reality systems},
  author={Feiner, Steven K},
  booktitle={Augmented Reality, 1999.(IWAR'99) Proceedings. 2nd IEEE and ACM International Workshop on},
  pages={145--148},
  year={1999},
  organization={IEEE}
}
@inproceedings{chehimi2007advertisements,
  title={Augmented reality 3d interactive advertisements on smartphones},
  author={Chehimi, Fadi and Coulton, Paul and Edwards, Reuben},
  booktitle={Management of Mobile Business, 2007. ICMB 2007. International Conference on the},
  pages={21--21},
  year={2007},
  organization={IEEE}
}
@article{lee2008visualization,
  title={Visualization and interaction of pervasive services using context-aware augmented reality},
  author={Lee, Jae Yeol and Seo, Dong Woo and Rhee, Guewon},
  journal={Expert Systems with Applications},
  volume={35},
  number={4},
  pages={1873--1882},
  year={2008},
  publisher={Elsevier}
}
@article{lee2008cars,
  title={Context-aware 3D visualization and collaboration services for ubiquitous cars using augmented reality},
  author={Lee, Jae Yeol and Rhee, Guewon},
  journal={The International Journal of Advanced Manufacturing Technology},
  volume={37},
  number={5},
  pages={431--442},
  year={2008},
  publisher={Springer}
}
@inproceedings{mulloni2008gameplay,
  title={Mobility and social interaction as core gameplay elements in multi-player augmented reality},
  author={Mulloni, Alessandro and Wagner, Daniel and Schmalstieg, Dieter},
  booktitle={Proceedings of the 3rd international conference on Digital Interactive Media in Entertainment and Arts},
  pages={472--478},
  year={2008},
  organization={ACM}
}
@inproceedings{guven2009retail,
  title={Social mobile augmented reality for retail},
  author={Guven, Sinem and Oda, Ohan and Podlaseck, Mark and Stavropoulos, Harry and Kolluri, Sai and Pingali, Gopal},
  booktitle={Pervasive Computing and Communications, 2009. PerCom 2009. IEEE International Conference on},
  pages={1--3},
  year={2009},
  organization={IEEE}
}
@article{wang2011comparative,
  title={Comparative effectiveness of mixed reality-based virtual environments in collaborative design},
  author={Wang, Xiangyu and Dunston, Phillip S},
  journal={IEEE Transactions on Systems, Man, and Cybernetics, Part C (Applications and Reviews)},
  volume={41},
  number={3},
  pages={284--296},
  year={2011},
  publisher={IEEE}
}
@article{lukosch2015police,
  title={Providing information on the spot: using augmented reality for situational awareness in the security domain},
  author={Lukosch, Stephan and Lukosch, Heide and Datcu, Drago{\c{s}} and Cidota, Marina},
  journal={Computer Supported Cooperative Work (CSCW)},
  volume={24},
  number={6},
  pages={613--664},
  year={2015},
  publisher={Springer Netherlands}
}
@article{behringer2007ehealth,
  title={Some usability issues of augmented and mixed reality for e-health applications in the medical domain},
  author={Behringer, Reinhold and Christian, Johannes and Holzinger, Andreas and Wilkinson, Steve},
  journal={HCI and Usability for Medicine and Health Care},
  pages={255--266},
  year={2007},
  publisher={Springer}
}
@article{lifton2009metaphor,
  title={Metaphor and manifestation cross-reality with ubiquitous sensor/actuator networks},
  author={Lifton, Joshua and Laibowitz, Mathew and Harry, Drew and Gong, Nan-Wei and Mittal, Manas and Paradiso, Joseph A},
  journal={IEEE Pervasive Computing},
  volume={8},
  number={3},
  year={2009},
  publisher={IEEE}
}
@inproceedings{lee2009interoperable,
  title={Interoperable augmented web browsing for exploring virtual media in real space},
  author={Lee, Ryong and Kitayama, Daisuke and Kwon, Yong-Jin and Sumiya, Kazutoshi},
  booktitle={Proceedings of the 2nd International Workshop on Location and the Web},
  pages={7},
  year={2009},
  organization={ACM}
}
@article{pence2010smartphones,
  title={Smartphones, smart objects, and augmented reality},
  author={Pence, Harry E},
  journal={The Reference Librarian},
  volume={52},
  number={1-2},
  pages={136--145},
  year={2010},
  publisher={Taylor \& Francis}
}
@article{chatzopoulos2017mobile,
	title={Mobile Augmented Reality Survey: From Where We Are to Where We Go},
	author={Chatzopoulos, Dimitris and Bermejo, Carlos and Huang, Zhanpeng and Hui, Pan},
	journal={IEEE Access},
	year={2017},
	publisher={IEEE}
}
@inproceedings{kress2013HMD,
  title={A review of head-mounted displays (HMD) technologies and applications for consumer electronics},
  author={Kress, Bernard and Starner, Thad},
  booktitle={Proc. SPIE},
  volume={8720},
  pages={87200A},
  year={2013}
}
@inproceedings{xu2015finger,
  title={Finger-writing with smartwatch: A case for finger and hand gesture recognition using smartwatch},
  author={Xu, Chao and Pathak, Parth H and Mohapatra, Prasant},
  booktitle={Proceedings of the 16th International Workshop on Mobile Computing Systems and Applications},
  pages={9--14},
  year={2015},
  organization={ACM}
}
@inproceedings{raja2015multi,
  title={Multi-modal authentication system for smartphones using face, iris and periocular},
  author={Raja, Kiran B and Raghavendra, Ramachandra and Stokkenes, Martin and Busch, Christoph},
  booktitle={Biometrics (ICB), 2015 International Conference on},
  pages={143--150},
  year={2015},
  organization={IEEE}
}
@inproceedings{khamis2016gazetouchpass,
  title={Gazetouchpass: Multimodal authentication using gaze and touch on mobile devices},
  author={Khamis, Mohamed and Alt, Florian and Hassib, Mariam and von Zezschwitz, Emanuel and Hasholzner, Regina and Bulling, Andreas},
  booktitle={Proceedings of the 2016 CHI Conference Extended Abstracts on Human Factors in Computing Systems},
  pages={2156--2164},
  year={2016},
  organization={ACM}
}
@inproceedings{maiti2016smartwatch,
  title={Smartwatch-based keystroke inference attacks and context-aware protection mechanisms},
  author={Maiti, Anindya and Armbruster, Oscar and Jadliwala, Murtuza and He, Jibo},
  booktitle={Proceedings of the 11th ACM on Asia Conference on Computer and Communications Security},
  pages={795--806},
  year={2016},
  organization={ACM}
}
@inproceedings{woo2012vrcodes,
  title={VRCodes: Unobtrusive and active visual codes for interaction by exploiting rolling shutter},
  author={Woo, Grace and Lippman, Andrew and Raskar, Ramesh},
  booktitle={Mixed and Augmented Reality (ISMAR), 2012 IEEE International Symposium on},
  pages={59--64},
  year={2012},
  organization={IEEE}
}
@inproceedings{pearson2017chameleon,
  title={Chameleon devices: investigating more secure and discreet mobile interactions via active camouflaging},
  author={Pearson, Jennifer and Robinson, Simon and Jones, Matt and Joshi, Anirudha and Ahire, Shashank and Sahoo, Deepak and Subramanian, Sriram},
  booktitle={Proceedings of the 2017 CHI Conference on Human Factors in Computing Systems},
  pages={5184--5196},
  year={2017},
  organization={ACM}
}
% resources
@online{unity3d,
  title={Unity - Game Engine},
  url={https://unity3d.com},
  urldate = {04.08.2013}
}
%gathered from scopus
%input
@article{truong2005preventing,
	title={Preventing camera recording by designing a capture-resistant environment},
	author={Truong, Khai and Patel, Shwetak and Summet, Jay and Abowd, Gregory},
	journal={UbiComp 2005: Ubiquitous Computing},
	pages={903--903},
	year={2005},
	publisher={Springer}
}
@article{hayashi2010installation,
	title={An installation of privacy-safe see-through vision},
	author={Hayashi, Masayuki and Yoshida, Ryo and Kitahara, Itaru and Kameda, Yoshinari and Ohta, Yuichi},
	journal={Procedia-Social and Behavioral Sciences},
	volume={2},
	number={1},
	pages={125--128},
	year={2010},
	publisher={Elsevier}
}
@inproceedings{maiti2017preventing,
	title={Preventing shoulder surfing using randomized augmented reality keyboards},
	author={Maiti, Anindya and Jadliwala, Murtuza and Weber, Chase},
	booktitle={Pervasive Computing and Communications Workshops (PerCom Workshops), 2017 IEEE International Conference on},
	pages={630--635},
	year={2017},
	organization={IEEE}
}
%data
@article{sekhavat2017privacy,
	title={Privacy preserving cloth try-on using mobile augmented reality},
	author={Sekhavat, Yoones A},
	journal={IEEE Transactions on Multimedia},
	volume={19},
	number={5},
	pages={1041--1049},
	year={2017},
	publisher={IEEE}
}
@inproceedings{szczuko2014augmented,
	title={Augmented reality for privacy-sensitive visual monitoring},
	author={Szczuko, Piotr},
	booktitle={International Conference on Multimedia Communications, Services and Security},
	pages={229--241},
	year={2014},
	organization={Springer}
}
@inproceedings{wang2015visually,
	title={Visually fingerprinting humans without face recognition},
	author={Wang, He and Bao, Xuan and Roy Choudhury, Romit and Nelakuditi, Srihari},
	booktitle={Proceedings of the 13th Annual International Conference on Mobile Systems, Applications, and Services},
	pages={345--358},
	year={2015},
	organization={ACM}
}
%output
@inproceedings{eaddy2004my,
	title={My own private kiosk: Privacy-preserving public displays},
	author={Eaddy, Marc and Blasko, Gabor and Babcock, Jason and Feiner, Steven},
	booktitle={Wearable Computers, 2004. ISWC 2004. Eighth International Symposium on},
	volume={1},
	pages={132--135},
	year={2004},
	organization={IEEE}
}
@inproceedings{naor1994visual,
	title={Visual cryptography},
	author={Naor, Moni and Shamir, Adi},
	booktitle={Workshop on the Theory and Application of of Cryptographic Techniques},
	pages={1--12},
	year={1994},
	organization={Springer}
}
@inproceedings{chang2010two,
	title={Two-image encryption by random grids},
	author={Chang, Joy Jo-Yi and Li, Ming-Jheng and Wang, Yi-Chun and Juan, Justie Su-Tzu},
	booktitle={Communications and Information Technologies (ISCIT), 2010 International Symposium on},
	pages={458--463},
	year={2010},
	organization={IEEE}
}
@inproceedings{fang2010securing,
	title={Securing interactive sessions using mobile device through visual channel and visual inspection},
	author={Fang, Chengfang and Chang, Ee-Chien},
	booktitle={Proceedings of the 26th Annual Computer Security Applications Conference},
	pages={69--78},
	year={2010},
	organization={ACM}
}
@inproceedings{ishii2012confidential,
	title={Confidential information poisoning methods by considering the information length in electronic portable devices},
	author={Ishii, Junya and Razali, Afiza and Uda, Ryuya},
	booktitle={Advanced Information Networking and Applications Workshops (WAINA), 2012 26th International Conference on},
	pages={78--84},
	year={2012},
	organization={IEEE}
}
@inproceedings{lantz2015visual,
	title={Visual Cryptography and Obfuscation: A Use-Case for Decrypting and Deobfuscating Information Using Augmented Reality},
	author={Lantz, Patrik and Johansson, Bjorn and Hell, Martin and Smeets, Ben},
	booktitle={International Conference on Financial Cryptography and Data Security},
	pages={261--273},
	year={2015},
	organization={Springer}
}
@inproceedings{andrabi2015usability,
	title={Usability of Augmented Reality for Revealing Secret Messages to Users but Not Their Devices.},
	author={Andrabi, Sarah J and Reiter, Michael K and Sturton, Cynthia},
	booktitle={SOUPS},
	pages={89--102},
	year={2015}
}
@inproceedings{forte2014eyedecrypt,
	title={EyeDecrypt -- Private interactions in plain sight},
	author={Forte, Andrea G and Garay, Juan A and Jim, Trevor and Vahlis, Yevgeniy},
	booktitle={International Conference on Security and Cryptography for Networks},
	pages={255--276},
	year={2014},
	organization={Springer}
}
@inproceedings{simkin2014ubic,
	title={Ubic: Bridging the gap between digital cryptography and the physical world},
	author={Simkin, Mark and Schr{\"o}der, Dominique and Bulling, Andreas and Fritz, Mario},
	booktitle={European Symposium on Research in Computer Security},
	pages={56--75},
	year={2014},
	organization={Springer}
}
%interaction
@inproceedings{butz1998vampire,
	title={Of vampire mirrors and privacy lamps: Privacy management in multi-user augmented environments},
	author={Butz, Andreas and Beshers, Clifford and Feiner, Steven},
	booktitle={Proceedings of the 11th annual ACM symposium on User interface software and technology},
	pages={171--172},
	year={1998},
	organization={ACM}
}
@inproceedings{devincenzi2011kinected,
	title={Kinected conference: augmenting video imaging with calibrated depth and audio},
	author={DeVincenzi, Anthony and Yao, Lining and Ishii, Hiroshi and Raskar, Ramesh},
	booktitle={Proceedings of the ACM 2011 conference on Computer supported cooperative work},
	pages={621--624},
	year={2011},
	organization={ACM}
}
@inproceedings{ens2015candid,
	title={Candid interaction: Revealing hidden mobile and wearable computing activities},
	author={Ens, Barrett and Grossman, Tovi and Anderson, Fraser and Matejka, Justin and Fitzmaurice, George},
	booktitle={Proceedings of the 28th Annual ACM Symposium on User Interface Software \& Technology},
	pages={467--476},
	year={2015},
	organization={ACM}
}
%device
@inproceedings{daikoku2013proposal,
	title={Proposal of New Security System Using the Three-Dimensional Motion of the Finger},
	author={Daikoku, Masayuki and Nishiuchi, Nobuyuki},
	booktitle={Biometrics and Kansei Engineering (ICBAKE), 2013 International Conference on},
	pages={193--196},
	year={2013},
	organization={IEEE}
}
@article{lin2017video,
	title={Video exhibition with adjustable augmented reality system based on temporal psycho-visual modulation},
	author={Lin, Pei-Yu and You, Bin and Lu, Xiaoyong},
	journal={EURASIP Journal on Image and Video Processing},
	volume={2017},
	number={1},
	pages={7},
	year={2017},
	publisher={Springer}
}

%hardware
@inproceedings{hong201518,
	title={18.1 A 2.71 nJ/pixel 3D-stacked gaze-activated object-recognition system for low-power mobile HMD applications},
	author={Hong, Injoon and Bong, Kyeongryeol and Shin, Dongjoo and Park, Seongwook and Lee, Kyuho and Kim, Youchang and Yoo, Hoi-Jun},
	booktitle={Solid-State Circuits Conference-(ISSCC), 2015 IEEE International},
	pages={1--3},
	year={2015},
	organization={IEEE}
}
@inproceedings{mann2004continuous,
	title={Continuous lifelong capture of personal experience with EyeTap},
	author={Mann, Steve},
	booktitle={Proceedings of the the 1st ACM workshop on Continuous archival and retrieval of personal experiences},
	pages={1--21},
	year={2004},
	organization={ACM}
}
@inproceedings{mann2013freeglass,
	title={FreeGlass for developers,“haccessibility”, and Digital Eye Glass+ Lifeglogging research in a (sur/sous) veillance society},
	author={Mann, Steve and Ali, Mir Adnan and Lo, Raymond and Wu, Han},
	booktitle={Information Society (i-Society), 2013 International Conference on},
	pages={48--53},
	year={2013},
	organization={IEEE}
}
%system- or network-level of security and privacy
@inproceedings{ferreira2007security,
	title={Security and privacy in a middleware for large scale mobile and pervasive augmented reality},
	author={Ferreira, Pedro and Orvalho, Joao and Boavida, Fernando},
	booktitle={Software, Telecommunications and Computer Networks, 2007. SoftCOM 2007. 15th International Conference on},
	pages={1--5},
	year={2007},
	organization={IEEE}
}
@inproceedings{pokric2014augmented,
	title={Augmented reality based smart city services using secure iot infrastructure},
	author={Pokric, Boris and Krco, Srdan and Pokric, Maja},
	booktitle={Advanced Information Networking and Applications Workshops (WAINA), 2014 28th International Conference on},
	pages={803--808},
	year={2014},
	organization={IEEE}
}
@inproceedinfs{braud2017network,
	author={T. Braud and F. H. Bijarbooneh and D. Chatzopoulos and P. Hui},
	booktitle={2017 IEEE 37th International Conference on Distributed Computing Systems (ICDCS)},
	title={Future Networking Challenges: The Case of Mobile Augmented Reality},
	year={2017},
	volume={},
	number={},
	pages={1796-1807},
	keywords={augmented reality;data handling;mobile computing;MAR;data processing offloading;mobile augmented reality;network infrastructures;network protocols;wireless networks;Augmented reality;Cloud computing;Glass;Mobile communication;Smart phones;Streaming media},
	doi={10.1109/ICDCS.2017.48},
	ISSN={1063-6927},
	month={June},}